<?xml version="1.0" encoding="UTF-8"?><collection xmlns="http://www.loc.gov/MARC21/slim"><record><leader>00531nam--2200193-u-4500</leader><controlfield tag="001">000053798</controlfield><controlfield tag="002">20161230</controlfield><controlfield tag="005">20170206181312</controlfield><controlfield tag="008">110622s1000------------r-----000-0-rus-d</controlfield><datafield ind1=" " ind2=" " tag="040"><subfield code="a">IFIN-HH</subfield></datafield><datafield ind1=" " ind2=" " tag="041"><subfield code="a">rus</subfield></datafield><datafield ind1=" " ind2=" " tag="080"><subfield code="a">519.677</subfield></datafield><datafield ind1="1" ind2=" " tag="100"><subfield code="a">Mittra, R</subfield></datafield><datafield ind1="1" ind2="0" tag="245"><subfield code="a">Vicislitelnie metodi v elektrodinamike</subfield><subfield code="c">R. Mittra (ed.)</subfield></datafield><datafield ind1=" " ind2=" " tag="260"><subfield code="a">Moskva</subfield><subfield code="b">Mir</subfield><subfield code="c">1977</subfield></datafield><datafield ind1=" " ind2=" " tag="300"><subfield code="a">485 p</subfield></datafield><datafield ind1=" " ind2=" " tag="500"><subfield code="a">Titlul Original In Limba Engleza: Computer Techniques For Electromagnetics</subfield></datafield><datafield ind1=" " ind2=" " tag="852"><subfield code="a">45226</subfield><subfield code="c">537:538</subfield></datafield><datafield ind1=" " ind2=" " tag="CAT"><subfield code="a">SYS</subfield><subfield code="c">20170206</subfield><subfield code="h">181312</subfield></datafield></record></collection>